% Encoding: UTF-8

\begin{comment}
    @Article{schlott,
	author =    {Stefan Schlott},
	title =     {Automatisiert den Fahrer überfordern},
	journal =   {Im Fokus},
	year =      {2016},
	month =     jan,
	timestamp = {2018-01-15},
	note =	  	{Zugriff: 15.01.2018},
	url =       {https://www.springerprofessional.de/automatisiertes-fahren/ergonomie---hmi/automatisiert-den-fahrer-ueberfordern/11104124?searchResult=1.automatisiert%20den%20fahrer%20%C3%BCberfordern&searchBackButton=true}
}
}
@inproceedings{paper, 
	author =    {Dagmar Kern and Albrecht Schmidt},
	title =     {Design Space for Driver-based Automotive User Interfaces},
	booktitle = {Proceedings of the First International Conference on Automotive User Interfaces and Interactive Vehicular Applications},
	series =    {AutomotiveUI '09},
	year =      {2009},
	month =     sep,
	location =  {Essen, Germany},
	pages =     {15--22},
	numpages =  {8},
	publisher = {ACM},
	address =   {New York, NY, USA},
}
@Article{schafer,
  author =    {Patrick Schäfer},
  title =     {ZF zeigt neues HMI-Konzept für automatisiertes Fahren},
  journal =   {Springer Professional},
  year =      {2018},
  month =     jan,
  timestamp = {2018-02-06},
  note =	  {Zugriff: 06.02.2018},
  url =       {https://www.springerprofessional.de/ergonomie---hmi/interieur/zf-zeigt-neues-hmi-konzept-fuer-automatisiertes-fahren/15366674?searchResult=3.automatisiertes%20fahren&searchBackButton=true}
}
}
@InProceedings{wintersberger,
  author    = {Philipp Wintersberger and Paul Green and Andreas Riener},
  title     = {Am I driving or are you or are we both? A taxonomy for handover and handbach in automated driving},
  booktitle = {Proceedings of the Ninth International Driving Symposium on Human Factors in Driver Assessment, Training and Vehicle Design},
  year      = {2017},
  series    = {Driving Assessment Conference},
  publisher = {University of Iowa},
  location  = {Manchester Village, Vermont, USA},
  month     = {June},
  url       = {http://drivingassessment.uiowa.edu/sites/default/files/DA2017/papers/51.pdf},
}

@inproceedings{riener, 
	author =    {Riener, A. and Ferscha, A. and Bachmair, F. and Hagm\"{u}ller, P. and Lemme, A. and Muttenthaler, D. and P\"{u}hringer, D. and Rogner, H. and Tappe, A. and Weger, F.},
	title =     {Standardization of the In-car Gesture Interaction Space},
	booktitle = {Proceedings of the 5th International Conference on Automotive User Interfaces and Interactive Vehicular Applications},
	series =    {AutomotiveUI '13},
	year =      {2013},
	isbn =      {978-1-4503-2478-6},
	location =  {Eindhoven, Netherlands},
	pages =     {14--21},
	numpages =  {8},
	url =       {http://doi.acm.org/10.1145/2516540.2516544},
	doi =       {10.1145/2516540.2516544},
	acmid =     {2516544},
	publisher = {ACM},
	address =   {New York, NY, USA},
	keywords =  {ISO 3958/ISO 4040, driver-vehicle interaction, gestural interaction, gesture space, standardization},
}

@Book{field,
	author =    {Andy Field},
	title =     {Discovering Statistics Using SPSS},
	publisher = {SAGE Publications Ltd},
	adress =    {London},
	date =      {2009},
	edition =   {3},
	isbn =      {978-84787-906-6},
}

@InProceedings{gold,
  author    = {Christian Gold and Daniel Damböck and Lutz Lorenz and Klaus Bengler},
  title     = {"Take over!" How long does it take to get the driver back into the loop?},
  booktitle = {Proceedings of the Human Factors and Eergonomics Society 57th Annual Meeting},
  year      = {2013},
  pages     = {1938--1942},
  doi       = {10.1177/1541931213571433},
  url       = {https://mediatum.ub.tum.de/doc/1308108/1308108.pdf},
  timestamp = {2018-02-14},
}


\end{comment}


\begin{comment}
@Electronic{sba,
  author =       {Mirjam Bick},
  month =        feb,
  year =         {2017},
  title =        {7,1 \% weniger Verkehrstote im Jahr 2016},
  publisher = 	 {Statistisches Bundesamt},
  adress =	  	 {Wiesbaden},
  url =          {https://www.destatis.de/DE/PresseService/Presse/Pressemitteilungen/2017/02/PD17_065_46241.html},
  timestamp =    {2017-09-05},
  note =		 {Zugriff: 05.09.2017}
}
\end{comment}


@Comment{jabref-meta: databaseType:biblatex;}


@misc{tüv,
  author = {TüV},
  year  =  {2022},
  url = {https://www.tuvsud.com/en/services/testing/environmental-testing}
  }

@misc{jpower,
  author =       {J. Power and M.H Financial},
  month =        {June},
  year =         {2013},
  title =        {J.D. power initial quality study},
  url =          {https://www.autos.jdpower.com},
  timestamp =    {06.2013} 
  }
%string{therm="July\July"}

@Article{Audi,
	author =    {Harald Altinger, Franz Wotawa, Markus Schurius},
	title =     {Testing Methods Used in the Automotive Industry: Results from a Survey},
	year =      {2014},
	month =     {July},
	timestamp = {2014-07-21},
	note =	  	{Zugriff: 09.01.2023},
	url =       {https://dl.acm.org/doi/10.1145/2631890.2631891} 
 }
 
@misc{luxoft,
  author = {Rabih Arabi},
  year  =  {2022},
  title =     {The value, challenges and best practices of automotive testing},
  month =     {April},
  timestamp = {2022-04-12},
  url = {https://www.luxoft.com/blog/the-value-challenges-and-best-practices-of-automotive-testing}
  }

@misc{viewpoint,
  author = {Viewpoint-Systems},
  url = {https://www.viewpointusa.com/TM/ar/hardware-reliability-testing-faq/}
  }

@misc{KBA,
  author = {Martin Kords},
  title = {Anzahl der Rückrufaktionen durch Automobilhersteller in Deutschland von 2011 bis 2021 [Graph]},
  note = {Zugriff am 10. Januar 2023},
  url = {https://de.statista.com/statistik/daten/studie/1254342/umfrage/rueckrufaktionen-in-der-automobilindustrie-in-deutschland/}
  }

@article{vmodel,
    author = {Sauser, Brian and Gove, Ryan and Forbes, Eric and Ramirez-Marquez, Jose},
    year = {2010},
    month = {01},
    pages = {17-46},
    title = {Integration maturity metrics: Development of an integration readiness level},
    volume = {9},
    journal = {Information Knowledge Systems Management},
    doi = {10.3233/IKS-2010-0133}
}

@misc{CANOE,
  title = {CANoe},
  url = {https://wiki.radimation.com/wiki/index.php/CANoe},
}

@misc{ctm,
  title = {Continous Monitoring},
  url = {https://devops.com/continuous-test-monitoring-devops-health-beat/},
}

@misc{qpp,
    author = {Genniges, Lena},
    year = {2020},
    title = {Qualification Program Maserati M240 Instrument Cluster},
}

@misc{aec,
    author = {Automotive Electronics Council, Hrsg},
    year = {2020},
    title = {Failure Mechanism Based Stress Test Qualification for Integrated Circuits. },
    url = {http://aecouncil.com/Documents/AEC_Q100_Rev_H_Base_\%Document.pdf}
}

@misc{blf,
    author = {Vector},
    year = {2020},
    title = {Qualification Program Maserati M240 Instrument Cluster},
    url = {https://support.vector.com/kb?id=kb_article_view&sysparm_article=KB0011536&sys_kb_id=b6d21110870d4550b9f233770cbb3523&spa=1}
}

@misc{pd,
    year = {2022},
    title = {CANoe Product Information},
    url = {https://cdn.vector.com/cms/content/products/canoe/canoe/docs/Product%20Informations/CANoe_ProductInformation_EN.pdf}
}

@misc{mean,
    year = {2023},
    title = {Mean - Wikipedia},
    url = {https://en.wikipedia.org/wiki/Mean}
}


@incollection{filter,
title = {Tutorial L - Data Prep 2-3: Outlier Handling},
editor = {Robert Nisbet and Gary Miner and Ken Yale},
booktitle = {Handbook of Statistical Analysis and Data Mining Applications (Second Edition)},
publisher = {Academic Press},
edition = {Second Edition},
address = {Boston},
pages = {515-528},
year = {2018},
isbn = {978-0-12-416632-5},
doi = {https://doi.org/10.1016/B978-0-12-416632-5.00034-7},
url = {https://www.sciencedirect.com/science/article/pii/B9780124166325000347},
author = {Roberta Bortolotti},
keywords = {Outlier handling, Data filtering, Data preparation},
abstract = {Removal of outliers is the simplest type of data filtering. Even though sometimes outliers should be kept in the data set as part of the analysis, such as in the case of modeling of credit risk, fraud, and other rare events, in most of the cases, they represent unnecessary information and should be removed. Unnecessary outliers are noise in the data and mostly can reduce the predictability of the model. This tutorial shows an automatic and manual way to remove outliers.}
}

@misc {Normal,
     url = {https://www.wallstreetmojo.com/normal-distribution/}}

@misc {PyWiki,
     url = {https://en.wikipedia.org/wiki/Integrated_development_environment}}

@misc {Flow,
     url = {https://asq.org/quality-resources/flowchart#:~:text=A%20flowchart%20is%20a%20picture,process%2C%20or%20a%20project%20plan.
     }}

@misc {PyCharm,
     url = {https://www.jetbrains.com/help/pycharm/creating-and-managing-projects.html#:~:text=Whatever%20you%20do%20in%20PyCharm,style%20consistency%2C%20and%20so%20on.
     }}
     
@misc {Pandas,
     url = {https://pandas.pydata.org/docs/reference/api/pandas.read_csv.html
     }}

@misc {Var,
     url = {https://en.wikipedia.org/wiki/Variance
     }}